@book{salsa2016equazioni,
	title={Equazioni a derivate parziali: Metodi, modelli e applicazioni},
	author={Salsa, Sandro},
	volume={98},
	year={2016},
	publisher={Springer}
}


@book{tuckerman2010statistical,
  title={Statistical mechanics: theory and molecular simulation},
  author={Tuckerman, Mark},
  year={2010},
  publisher={Oxford University Press}
}

@incollection{perthame2015parabolic,
	title={Parabolic equations in biology},
	author={Perthame, Beno{\^\i}t},
	booktitle={Parabolic Equations in Biology},
	pages={1--21},
	year={2015},
	publisher={Springer}
}
